<?xml version="1.0" encoding="utf-8"?>
<record xmlns="http://www.loc.gov/MARC21/slim" xmlns:xsi="http://www.w3.org/2001/XMLSchema-instance" xsi:schemaLocation="http://www.loc.gov/MARC21/slim http://www.loc.gov/standards/marcxml/schema/MARC21slim.xsd">
	<leader>     nam a22        4500</leader>
	<controlfield tag="001">002259925</controlfield>
	<controlfield tag="003">NNU</controlfield>
	<controlfield tag="006">m        d        </controlfield>
	<controlfield tag="007">cr cn |||m|||a</controlfield>
	<controlfield tag="008">150714s1982    ir h    ob    000 0 araod</controlfield>
	<datafield ind1=" " ind2=" " tag="040">
		<subfield code="a">NNU</subfield>
		<subfield code="b">eng</subfield>
		<subfield code="e">rda</subfield>
		<subfield code="c">NNU</subfield>
	</datafield>
	<datafield ind1=" " ind2="4" tag="050">
		<subfield code="a">BP193.3</subfield>
		<subfield code="b">.Q85 1882</subfield>
	</datafield>
	<datafield ind1="1" ind2=" " tag="100">
		<subfield code="6">880-01</subfield>
		<subfield code="a">Qummī, Saʻd ibn ʻAbd Allāh,</subfield>
		<subfield code="d">-approximately 913.</subfield>
	</datafield>
	<datafield ind1="1" ind2="0" tag="240">
		<subfield code="6">880-02</subfield>
		<subfield code="a">Maqālāt wa-al-firaq</subfield>
	</datafield>
	<datafield ind1="1" ind2="0" tag="245">
		<subfield code="6">880-03</subfield>
		<subfield code="a">Kitāb al-maqālāt wa-al-firaq /</subfield>
		<subfield code="c">taṣnīf Saʻd ibn ʻAbd Allāh Abī Khalaf al-Ashʻarī al-Qummī ; saḥḥaḥahu wa-qaddama lahu wa-ʻallaqa alayhi Muḥammad Jawād Mashkūr.</subfield>
	</datafield>
	<datafield ind1="3" ind2=" " tag="246">
		<subfield code="6">880-04</subfield>
		<subfield code="a">Maqālāt wa-al-firaq</subfield>
	</datafield>
	<datafield ind1=" " ind2=" " tag="250">
		<subfield code="6">880-05</subfield>
		<subfield code="a">Chāp 2.</subfield>
	</datafield>
	<datafield ind1=" " ind2=" " tag="260">
		<subfield code="6">880-06</subfield>
		<subfield code="a">[Tehran] :</subfield>
		<subfield code="b">Markaz Intishārāt ʻIlmī wa-Farhangī, wābastah bih Wizārat Farhang wa-Āmūzish ʻĀlī,</subfield>
		<subfield code="c">1361 [1982]</subfield>
	</datafield>
	<datafield ind1=" " ind2=" " tag="300">
		<subfield code="a">online resource (25, 276 pages) :</subfield>
		<subfield code="b">facsimile</subfield>
	</datafield>
	<datafield ind1=" " ind2=" " tag="336">
		<subfield code="a">text</subfield>
		<subfield code="2">rdacontent</subfield>
	</datafield>
	<datafield ind1=" " ind2=" " tag="337">
		<subfield code="a">computer</subfield>
		<subfield code="2">rdamedia</subfield>
	</datafield>
	<datafield ind1=" " ind2=" " tag="338">
		<subfield code="a">online resource</subfield>
		<subfield code="2">rdacarrier</subfield>
	</datafield>
	<datafield ind1="1" ind2=" " tag="490">
		<subfield code="6">880-07</subfield>
		<subfield code="a">Majmūʻah mīrās̲ Īrān wa-Islām</subfield>
	</datafield>
	<datafield ind1=" " ind2=" " tag="500">
		<subfield code="a">Reprint. Originally published: Mu'assasah-'i Maṭbūʻātī-i ʻAṭā'ī, 1963.</subfield>
	</datafield>
	<datafield ind1=" " ind2=" " tag="500">
		<subfield code="a">Part of the Arabic Collections Online (ACO) project, contributed by New York Univeristy Libraries.</subfield>
	</datafield>
	<datafield ind1=" " ind2=" " tag="504">
		<subfield code="a">Includes bibliographical references.</subfield>
	</datafield>
	<datafield ind1=" " ind2=" " tag="533">
		<subfield code="a">Electronic reproduction.</subfield>
		<subfield code="b">New York, N.Y. :</subfield>
		<subfield code="c">New York University,</subfield>
		<subfield code="d">2015.</subfield>
		<subfield code="5">NNU</subfield>
	</datafield>
	<datafield ind1=" " ind2="0" tag="650">
		<subfield code="a">Shiites</subfield>
		<subfield code="v">Early works to 1800.</subfield>
	</datafield>
	<datafield ind1=" " ind2="7" tag="650">
		<subfield code="a">Shiites.</subfield>
		<subfield code="2">fast</subfield>
		<subfield code="0">(OCoLC)fst01115976</subfield>
	</datafield>
	<datafield ind1=" " ind2="7" tag="655">
		<subfield code="a">Early works.</subfield>
		<subfield code="2">fast</subfield>
		<subfield code="0">(OCoLC)fst01411636</subfield>
	</datafield>
	<datafield ind1="1" ind2=" " tag="700">
		<subfield code="6">880-08</subfield>
		<subfield code="a">Mashkūr, Muḥammad Javād.</subfield>
	</datafield>
	<datafield ind1="2" ind2=" " tag="710">
		<subfield code="a">New York University.</subfield>
		<subfield code="b">Libraries.</subfield>
	</datafield>
	<datafield ind1="0" ind2=" " tag="730">
		<subfield code="a">Arabic Collections Online.</subfield>
	</datafield>
	<datafield ind1="0" ind2="8" tag="776">
		<subfield code="i">Print version:</subfield>
		<subfield code="a">Qummī, Saʻd ibn ʻAbd Allāh, -approximately 913.</subfield>
		<subfield code="t">Kitāb al-maqālāt wa-al-firaq</subfield>
		<subfield code="w">(NNU)002259925</subfield>
	</datafield>
	<datafield ind1="4" ind2="0" tag="856">
		<subfield code="u">http://hdl.handle.net/2333.1/msbcc525</subfield>
	</datafield>
	<datafield ind1="1" ind2=" " tag="880">
		<subfield code="6">100-01/</subfield>
		<subfield code="a">قمي، سعد بن عبد الله،</subfield>
		<subfield code="d">-approximately 913.</subfield>
	</datafield>
	<datafield ind1="1" ind2="0" tag="880">
		<subfield code="6">240-02/</subfield>
		<subfield code="a">مقالات والفرق</subfield>
	</datafield>
	<datafield ind1="1" ind2="0" tag="880">
		<subfield code="6">245-03/</subfield>
		<subfield code="a">كتاب المقالات والفرق /</subfield>
		<subfield code="c">تصنيف سعد بن عبد الله ابي خلف الاشعري القمي ؛ صححه وقدم له وعلق اليه محمد جواد مشكور.</subfield>
	</datafield>
	<datafield ind1="3" ind2=" " tag="880">
		<subfield code="6">246-04/</subfield>
		<subfield code="a">مقالات والفرق</subfield>
	</datafield>
	<datafield ind1=" " ind2=" " tag="880">
		<subfield code="6">250-05/</subfield>
		<subfield code="a">چاپ 2.</subfield>
	</datafield>
	<datafield ind1=" " ind2=" " tag="880">
		<subfield code="6">260-06/</subfield>
		<subfield code="a">[تهرن] :</subfield>
		<subfield code="b">مرکز انتشارات عالمى وفرهنگى، وابسته به وزارت فرهنگ وآموزش عالى،</subfield>
		<subfield code="c">1361 [1982]</subfield>
	</datafield>
	<datafield ind1="1" ind2=" " tag="880">
		<subfield code="6">490-07/</subfield>
		<subfield code="a">مجموعة مىراث ايران واسلام</subfield>
	</datafield>
	<datafield ind1="1" ind2=" " tag="880">
		<subfield code="6">700-08/</subfield>
		<subfield code="a">مشکور، محمد جواد.</subfield>
	</datafield>
	<datafield ind1=" " ind2="0" tag="830">
		<subfield code="6">880-09</subfield>
		<subfield code="a">Majmūʻah mīrās̲ Īrān wa-Islām.</subfield>
	</datafield>
	<datafield ind1=" " ind2="0" tag="880">
		<subfield code="6">830-09/</subfield>
		<subfield code="a">مجموعة مىراث ايران واسلام.</subfield>
	</datafield>
	<datafield ind1=" " ind2=" " tag="959">
		<subfield code="a">NNU</subfield>
		<subfield code="b">WEB</subfield>
		<subfield code="c">GENI</subfield>
		<subfield code="t">0</subfield>
		<subfield code="m">Electronic access</subfield>
		<subfield code="s">01</subfield>
	</datafield>
	<datafield ind1=" " ind2=" " tag="999">
		<subfield code="i">NNU_002259925</subfield>
		<subfield code="s">nyu_aco000947</subfield>
	</datafield>
</record>
